2890 5018
48 853 72 902 θ’

51 934 62 974 0

17 1079 121 1272 ,ξ’

17 1202 23 1263 l

39 1273 56 1321 ἓ

44 1411 58 1423 ·
127 1365 376 1539 psalterium
398 1437 584 1582 copticum
599 1455 723 1534 denno
741 1453 885 1531 edendi
896 1452 984 1530 inde
1001 1457 1047 1529 ab
1064 1454 1132 1530 illo
1148 1471 1241 1531 tem·

20 549 66 771 l

482 885 902 1018 cataracte.-

121 1607 225 1702 porc
251 1596 448 1675 consilium
472 1600 570 1701 cepi,
607 1618 683 1715 quo
706 1569 870 1670 nitidam
883 1610 921 1669 et
942 1609 1145 1670 accuratam
1164 1557 1242 1670 edi·

126 1741 275 1812 tionem
301 1737 446 1839 absque
464 1739 602 1839 magnis
625 1736 804 1858 sumtibus
821 1736 943 1837 parari
964 1758 1074 1837 posse
1096 1731 1241 1810 intelle·

128 1901 271 1950 xeram.
323 1873 518 1949 Neminem
552 1849 679 1949 nostra
705 1873 788 1948 sore
817 1871 977 1946 arbitror
1005 1888 1141 1966 aetate,
1178 1873 1244 1976 qui

131 2013 334 2087 utilitatem
346 2009 527 2086 eiusmodi
536 2009 674 2085 laboris
686 2035 819 2114 negare
833 2007 974 2100 audeat,
988 2037 1103 2114 quum
1116 2035 1244 2084 omnes

137 2150 181 2222 in
203 2147 278 2221 boc
298 2129 501 2222 studiorum
523 2173 654 2250 genere
675 2151 806 2225 versati
827 2151 909 2241 viri,
938 2151 969 2222 si
991 2171 1130 2252 paucos
1147 2147 1243 2222 exci-

8 2365 9 2370 ,
134 2290 231 2391 pias,
277 2286 412 2388 quibus
442 2289 574 2362 mentis
598 2275 695 2361 ¹acies
721 2289 933 2390 praestricta
971 2311 1049 2361 esse
1080 2279 1239 2378 videtur,

9 2511 16 2544 ἱ
132 2449 350 2530 persuasum
374 2425 445 2498 sibi
467 2421 641 2517 babeant,
665 2427 901 2500 certissimam
917 2421 963 2499 ad
981 2419 1244 2528 hieroglypho·

133 2589 219 2638 rum
246 2562 557 2666 Aegyptiacorum
579 2565 1040 2667 interpretationem'viam
1064 2560 1245 2666 Copticae

133 2701 280 2804 linguae
310 2699 476 2804 diligenti
505 2699 627 2776 studio
657 2701 838 2806 patefieri.
885 2699 1000 2797 Quod
1031 2727 1147 2804 quum
1175 2701 1245 2778 viri

136 2839 239 2948 docti
260 2838 525 2942 intelligerent,
554 2843 786 2942 grammatica
807 2838 957 2916 huiusce
980 2839 1125 2941 linguae
1147 2862 1244 2913 nova

135 2941 344 3055 rudimenta
378 3003 556 3082 novaque
578 2977 695 3053 lexica
723 3005 845 3082 nuper
873 2981 912 3054 in
941 2977 1063 3052 lucem
1093 2973 1245 3080 prodire

135 3115 306 3209 vidimus,
341 3141 464 3219 neque
488 3114 703 3223 quidquam,
740 3133 783 3192 ut
805 3114 967 3192 studium
993 3114 1057 3189 diu
1086 3117 1244 3190 interm·
1311 3107 1313 3112 ¹

137 3271 243 3357 ptum
269 3281 367 3332 nova
394 3280 525 3358 capere
547 3257 665 3358 possit
684 3258 928 3347 incrementa,
963 3249 1245 3330 desiderandum

143 3407 198 3466 est
218 3409 363 3495 praeter
388 3392 504 3468 libros
530 3397 710 3497 cepticos,
740 3396 806 3496 qui
830 3393 1076 3496 ineptioribus
1101 3387 1245 3468 mendis

136 3547 287 3605 'careant
307 3527 528 3636 modicoque
550 3535 672 3636 pretio
692 3527 829 3636 queant
845 3533 1062 3636 comparari.
1118 3525 1246 3624 Quum

50 3733 51 3736 ,
136 3673 251 3770 igitur-
264 3668 414 3744 biennio
431 3649 566 3746 abhinc
577 3667 777 3747 Academia
788 3668 903 3772 Regia
913 3667 1163 3746 Berolinensis
1175 3691 1244 3742 no-

136 3825 205 3884 tos
224 3823 330 3912 typos
349 3807 528 3912 Copticos
545 3813 618 3884 suis
636 3809 816 3884 sumtibus
833 3805 919 3882 cudi
936 3821 1109 3899 curasset,
1136 3803 1244 3878 Raca

51 3931 54 3960 ¹
138 3969 280 4022 rosrso
305 3969 595 4022 cnauarrrssuro
623 3945 846 4024 ausr1caab
874 3945 974 4024 illius
996 3939 1244 4020 munificentia

55 4053 58 4086 ¹
138 4069 178 4161 et
200 4085 436 4180 liberalitate,
465 4105 559 4187 quae
577 4085 748 4156 omnibus
766 4079 1097 4183 duduminnotuit,
1126 4080 1243 4184 impe·

45 4338 70 4454 t

52 4481 72 4612 ἕ

17 4645 78 4765 -t

55 4753 78 4844 ι

138 4227 241 4318 trevi,
277 4241 322 4301 ut
348 4249 447 4322 nova
475 4221 705 4302 Psalmorum
735 4214 849 4294 editio
879 4221 918 4294 in
946 4216 1068 4295 lu'cem
1093 4214 1244 4321 prodire

133 4377 277 4466 'posset
378 4387 381 4392 ’

490 4745 931 4890 stass-0
1050 4917 1070 4942 „
